<?xml version="1.0" encoding="UTF-8"?><collection xmlns="http://www.loc.gov/MARC21/slim"><record><leader>00411nam--2200145-i-4500</leader><controlfield tag="001">000012226</controlfield><controlfield tag="002">20161230</controlfield><controlfield tag="005">20170114221607</controlfield><controlfield tag="008">060222s1000------------r-----000-0-eng-d</controlfield><datafield ind1=" " ind2=" " tag="080"><subfield code="a">539.12.O4:577.3(O6L.3)</subfield></datafield><datafield ind1=" " ind2=" " tag="245"><subfield code="a">Biological effects of neutron and proton irradiations. Proc.....</subfield></datafield><datafield ind1=" " ind2=" " tag="260"><subfield code="a">Vienna</subfield><subfield code="b">Internat.Atomic Energy Agency</subfield><subfield code="c">1964</subfield></datafield><datafield ind1=" " ind2=" " tag="300"><subfield code="a">433 p</subfield></datafield><datafield ind1=" " ind2=" " tag="852"><subfield code="a">20366</subfield></datafield><datafield ind1=" " ind2=" " tag="CAT"><subfield code="a">SYS</subfield><subfield code="c">20170114</subfield><subfield code="h">221607</subfield></datafield></record></collection>